<collection xmlns="http://www.loc.gov/MARC21/slim"><record><leader>00862nam  2200265   450</leader><controlfield tag="001">802</controlfield><controlfield tag="003">http://montalegre.opacnet.com/OPAC/default.aspx?ContentAreaControl=ShowRegHoldings.ascx&amp;RegNo=16662</controlfield><datafield tag="010" ind1=" " ind2=" "><subfield code="a">972-9013-04-7</subfield></datafield><datafield tag="021" ind1=" " ind2=" "><subfield code="a">PT</subfield><subfield code="b">35223/90</subfield></datafield><datafield tag="095" ind1=" " ind2=" "><subfield code="a">PTBN00250689</subfield></datafield><datafield tag="100" ind1=" " ind2=" "><subfield code="a">19900508d1990    m  y0pory010305  ba</subfield></datafield><datafield tag="101" ind1="1" ind2=" "><subfield code="a">por</subfield><subfield code="c">cat</subfield></datafield><datafield tag="102" ind1=" " ind2=" "><subfield code="a">PT</subfield></datafield><datafield tag="105" ind1=" " ind2=" "><subfield code="a">y   z   000ay</subfield></datafield><datafield tag="106" ind1=" " ind2=" "><subfield code="a">r</subfield></datafield><datafield tag="200" ind1="1" ind2=" "><subfield code="a">Livro do amigo e do amado</subfield><subfield code="f">Ramon Llull</subfield><subfield code="g">trad. Dimíter Ánguelov</subfield><subfield code="g">rev. Artur Guerra</subfield></datafield><datafield tag="210" ind1=" " ind2=" "><subfield code="a">Lisboa</subfield><subfield code="c">Cotovia</subfield><subfield code="d">imp. 1990</subfield></datafield><datafield tag="215" ind1=" " ind2=" "><subfield code="a">78, [1] p.</subfield><subfield code="d">21 cm</subfield></datafield><datafield tag="304" ind1=" " ind2=" "><subfield code="a">Tít. orig. : Llibre d'amic e amat</subfield></datafield><datafield tag="675" ind1=" " ind2=" "><subfield code="a">849.9-1"12/13"</subfield><subfield code="v">BN</subfield><subfield code="z">por</subfield></datafield><datafield tag="700" ind1=" " ind2="1"><subfield code="a">Llull</subfield><subfield code="b">Ramon</subfield><subfield code="f">1233-1315?</subfield></datafield><datafield tag="702" ind1=" " ind2="1"><subfield code="a">Anguelov</subfield><subfield code="b">Dimíter</subfield><subfield code="f">1945-</subfield><subfield code="4">730</subfield></datafield><datafield tag="702" ind1=" " ind2="1"><subfield code="a">Guerra</subfield><subfield code="b">Artur</subfield><subfield code="4">640</subfield></datafield><datafield tag="801" ind1=" " ind2="0"><subfield code="a">PT</subfield><subfield code="b">Biblioteca Municipal de Montalegre</subfield><subfield code="g">RPC</subfield></datafield><datafield tag="856" ind1=" " ind2=" "><subfield code="u">locateMedia.asp?cod=20060622144002&amp;ext=jpg</subfield><subfield code="z">CAPA</subfield></datafield><datafield tag="909" ind1="&#9;" ind2=" "><subfield code="a">1</subfield></datafield><datafield tag="966" ind1=" " ind2=" "><subfield code="a">0008940</subfield><subfield code="l">BMM</subfield><subfield code="s">SCG 821 LLU liv</subfield></datafield></record></collection>